%YAML 1.1
%TAG !u! tag:unity3d.com,2011:
--- !u!1 &2485308917451098511
GameObject:
  m_ObjectHideFlags: 0
  m_CorrespondingSourceObject: {fileID: 0}
  m_PrefabInstance: {fileID: 0}
  m_PrefabAsset: {fileID: 0}
  serializedVersion: 6
  m_Component:
  - component: {fileID: 3937130598072309386}
  - component: {fileID: 7993109677110895637}
  - component: {fileID: 3140173772258511174}
  m_Layer: 5
  m_Name: "Dialog t\u0142o"
  m_TagString: Untagged
  m_Icon: {fileID: 0}
  m_NavMeshLayer: 0
  m_StaticEditorFlags: 0
  m_IsActive: 1
--- !u!224 &3937130598072309386
RectTransform:
  m_ObjectHideFlags: 0
  m_CorrespondingSourceObject: {fileID: 0}
  m_PrefabInstance: {fileID: 0}
  m_PrefabAsset: {fileID: 0}
  m_GameObject: {fileID: 2485308917451098511}
  m_LocalRotation: {x: 0, y: 0, z: 0, w: 1}
  m_LocalPosition: {x: 0, y: 0, z: 0}
  m_LocalScale: {x: 1, y: 1, z: 1}
  m_Children:
  - {fileID: 5434026884250021269}
  m_Father: {fileID: 5434026884331619834}
  m_RootOrder: 0
  m_LocalEulerAnglesHint: {x: 0, y: 0, z: 0}
  m_AnchorMin: {x: 0, y: 0}
  m_AnchorMax: {x: 1, y: 0.5}
  m_AnchoredPosition: {x: 0, y: -122.8}
  m_SizeDelta: {x: -292.7, y: 245.6}
  m_Pivot: {x: 0.5, y: 0.5}
--- !u!222 &7993109677110895637
CanvasRenderer:
  m_ObjectHideFlags: 0
  m_CorrespondingSourceObject: {fileID: 0}
  m_PrefabInstance: {fileID: 0}
  m_PrefabAsset: {fileID: 0}
  m_GameObject: {fileID: 2485308917451098511}
  m_CullTransparentMesh: 0
--- !u!114 &3140173772258511174
MonoBehaviour:
  m_ObjectHideFlags: 0
  m_CorrespondingSourceObject: {fileID: 0}
  m_PrefabInstance: {fileID: 0}
  m_PrefabAsset: {fileID: 0}
  m_GameObject: {fileID: 2485308917451098511}
  m_Enabled: 1
  m_EditorHideFlags: 0
  m_Script: {fileID: -765806418, guid: f70555f144d8491a825f0804e09c671c, type: 3}
  m_Name: 
  m_EditorClassIdentifier: 
  m_Material: {fileID: 0}
  m_Color: {r: 1, g: 1, b: 1, a: 1}
  m_RaycastTarget: 1
  m_OnCullStateChanged:
    m_PersistentCalls:
      m_Calls: []
    m_TypeName: UnityEngine.UI.MaskableGraphic+CullStateChangedEvent, UnityEngine.UI,
      Version=1.0.0.0, Culture=neutral, PublicKeyToken=null
  m_Sprite: {fileID: 21300000, guid: 321704ffce0d2c34fb5cd36175ee93a1, type: 3}
  m_Type: 0
  m_PreserveAspect: 0
  m_FillCenter: 1
  m_FillMethod: 4
  m_FillAmount: 1
  m_FillClockwise: 1
  m_FillOrigin: 0
  m_UseSpriteMesh: 0
--- !u!1 &5434026884250021268
GameObject:
  m_ObjectHideFlags: 0
  m_CorrespondingSourceObject: {fileID: 0}
  m_PrefabInstance: {fileID: 0}
  m_PrefabAsset: {fileID: 0}
  serializedVersion: 6
  m_Component:
  - component: {fileID: 5434026884250021269}
  - component: {fileID: 5434026884250021267}
  - component: {fileID: 5434026884250021266}
  m_Layer: 5
  m_Name: Text
  m_TagString: Untagged
  m_Icon: {fileID: 0}
  m_NavMeshLayer: 0
  m_StaticEditorFlags: 0
  m_IsActive: 1
--- !u!224 &5434026884250021269
RectTransform:
  m_ObjectHideFlags: 0
  m_CorrespondingSourceObject: {fileID: 0}
  m_PrefabInstance: {fileID: 0}
  m_PrefabAsset: {fileID: 0}
  m_GameObject: {fileID: 5434026884250021268}
  m_LocalRotation: {x: -0, y: -0, z: -0, w: 1}
  m_LocalPosition: {x: 0, y: 0, z: 0}
  m_LocalScale: {x: 1, y: 1, z: 1}
  m_Children: []
  m_Father: {fileID: 3937130598072309386}
  m_RootOrder: 0
  m_LocalEulerAnglesHint: {x: 0, y: 0, z: 0}
  m_AnchorMin: {x: 0, y: 0.42281994}
  m_AnchorMax: {x: 1, y: 1}
  m_AnchoredPosition: {x: 9.699951, y: -57.300003}
  m_SizeDelta: {x: -343.7, y: -280.90002}
  m_Pivot: {x: 0.5, y: 0.5}
--- !u!222 &5434026884250021267
CanvasRenderer:
  m_ObjectHideFlags: 0
  m_CorrespondingSourceObject: {fileID: 0}
  m_PrefabInstance: {fileID: 0}
  m_PrefabAsset: {fileID: 0}
  m_GameObject: {fileID: 5434026884250021268}
  m_CullTransparentMesh: 0
--- !u!114 &5434026884250021266
MonoBehaviour:
  m_ObjectHideFlags: 0
  m_CorrespondingSourceObject: {fileID: 0}
  m_PrefabInstance: {fileID: 0}
  m_PrefabAsset: {fileID: 0}
  m_GameObject: {fileID: 5434026884250021268}
  m_Enabled: 1
  m_EditorHideFlags: 0
  m_Script: {fileID: 708705254, guid: f70555f144d8491a825f0804e09c671c, type: 3}
  m_Name: 
  m_EditorClassIdentifier: 
  m_Material: {fileID: 0}
  m_Color: {r: 1, g: 1, b: 1, a: 1}
  m_RaycastTarget: 1
  m_OnCullStateChanged:
    m_PersistentCalls:
      m_Calls: []
    m_TypeName: UnityEngine.UI.MaskableGraphic+CullStateChangedEvent, UnityEngine.UI,
      Version=1.0.0.0, Culture=neutral, PublicKeyToken=null
  m_FontData:
    m_Font: {fileID: 12800000, guid: a6117ca5d73010149970de04e3bb1c7e, type: 3}
    m_FontSize: 56
    m_FontStyle: 0
    m_BestFit: 0
    m_MinSize: 10
    m_MaxSize: 63
    m_Alignment: 0
    m_AlignByGeometry: 0
    m_RichText: 1
    m_HorizontalOverflow: 0
    m_VerticalOverflow: 0
    m_LineSpacing: 1
  m_Text: Ey, I need ur help
--- !u!1 &5434026884331619837
GameObject:
  m_ObjectHideFlags: 0
  m_CorrespondingSourceObject: {fileID: 0}
  m_PrefabInstance: {fileID: 0}
  m_PrefabAsset: {fileID: 0}
  serializedVersion: 6
  m_Component:
  - component: {fileID: 5434026884331619834}
  - component: {fileID: 5434026884331619835}
  - component: {fileID: 9021249678282224405}
  - component: {fileID: 3865602919498904648}
  m_Layer: 5
  m_Name: Woman3
  m_TagString: Untagged
  m_Icon: {fileID: 0}
  m_NavMeshLayer: 0
  m_StaticEditorFlags: 0
  m_IsActive: 1
--- !u!224 &5434026884331619834
RectTransform:
  m_ObjectHideFlags: 0
  m_CorrespondingSourceObject: {fileID: 0}
  m_PrefabInstance: {fileID: 0}
  m_PrefabAsset: {fileID: 0}
  m_GameObject: {fileID: 5434026884331619837}
  m_LocalRotation: {x: 0, y: 0, z: 0, w: 1}
  m_LocalPosition: {x: 0, y: 0, z: 0}
  m_LocalScale: {x: 1, y: 1, z: 1}
  m_Children:
  - {fileID: 3937130598072309386}
  - {fileID: 2803384563418208863}
  - {fileID: 6031222894804221145}
  - {fileID: 6031222896355404112}
  m_Father: {fileID: 0}
  m_RootOrder: 0
  m_LocalEulerAnglesHint: {x: 0, y: 0, z: 0}
  m_AnchorMin: {x: 0, y: 0}
  m_AnchorMax: {x: 1, y: 1}
  m_AnchoredPosition: {x: 0, y: 0}
  m_SizeDelta: {x: 0, y: 0}
  m_Pivot: {x: 0.5, y: 0.5}
--- !u!114 &5434026884331619835
MonoBehaviour:
  m_ObjectHideFlags: 0
  m_CorrespondingSourceObject: {fileID: 0}
  m_PrefabInstance: {fileID: 0}
  m_PrefabAsset: {fileID: 0}
  m_GameObject: {fileID: 5434026884331619837}
  m_Enabled: 1
  m_EditorHideFlags: 0
  m_Script: {fileID: 11500000, guid: a2000b412b8af72468a7b7b4e555bbeb, type: 3}
  m_Name: 
  m_EditorClassIdentifier: 
  issueId: 1
  characterName: Fat man
  Dialogs:
  - Hey, would you like to help us chop that wood?
  DialogsAfterWin:
  - Thanks.
  DialogsAfterLose:
  - Ok, bye.
  DialogsIfNoHelp:
  - Ok, bye.
  dialogText: {fileID: 5434026884250021266}
  afterDialog: 0
  dialogState: 0
  quiz: {fileID: 0}
  minigameName: Cut the tree
  source: {fileID: 0}
  choose: {fileID: 2803384563418208863}
  objsToHide:
  - {fileID: 2485308917451098511}
  - {fileID: 6031222894804221144}
  - {fileID: 6031222896355404119}
  background: {fileID: 0}
--- !u!114 &9021249678282224405
MonoBehaviour:
  m_ObjectHideFlags: 0
  m_CorrespondingSourceObject: {fileID: 0}
  m_PrefabInstance: {fileID: 0}
  m_PrefabAsset: {fileID: 0}
  m_GameObject: {fileID: 5434026884331619837}
  m_Enabled: 1
  m_EditorHideFlags: 0
  m_Script: {fileID: 11500000, guid: 9eceabe3d7c01bd4885c6b916a4fb103, type: 3}
  m_Name: 
  m_EditorClassIdentifier: 
  question: Suzan is hungry, as always. She has 4 kilometers to the nearest restauration.
    Is she going to make it in 36 minutes, before the restauration is closing? She
    is moving with the speed 2m/s.
  answers:
  - 'A: Yes'
  - 'B: She better calls uber xD'
  - 'C: If she will analyze everything so much she will have to eat at home'
  - 'D: All are correct'
  correctAnswer: 4
  reward: 1
--- !u!82 &3865602919498904648
AudioSource:
  m_ObjectHideFlags: 0
  m_CorrespondingSourceObject: {fileID: 0}
  m_PrefabInstance: {fileID: 0}
  m_PrefabAsset: {fileID: 0}
  m_GameObject: {fileID: 5434026884331619837}
  m_Enabled: 1
  serializedVersion: 4
  OutputAudioMixerGroup: {fileID: 0}
  m_audioClip: {fileID: 8300000, guid: c8a82982ad4595d4fb9018b8bfa50eb7, type: 3}
  m_PlayOnAwake: 0
  m_Volume: 1
  m_Pitch: 1
  Loop: 0
  Mute: 0
  Spatialize: 0
  SpatializePostEffects: 0
  Priority: 128
  DopplerLevel: 1
  MinDistance: 20
  MaxDistance: 500
  Pan2D: 0
  rolloffMode: 0
  BypassEffects: 0
  BypassListenerEffects: 0
  BypassReverbZones: 0
  rolloffCustomCurve:
    serializedVersion: 2
    m_Curve:
    - serializedVersion: 3
      time: 0
      value: 1
      inSlope: 0
      outSlope: 0
      tangentMode: 0
      weightedMode: 0
      inWeight: 0.33333334
      outWeight: 0.33333334
    - serializedVersion: 3
      time: 1
      value: 0
      inSlope: 0
      outSlope: 0
      tangentMode: 0
      weightedMode: 0
      inWeight: 0.33333334
      outWeight: 0.33333334
    m_PreInfinity: 2
    m_PostInfinity: 2
    m_RotationOrder: 4
  panLevelCustomCurve:
    serializedVersion: 2
    m_Curve:
    - serializedVersion: 3
      time: 0
      value: 0
      inSlope: 0
      outSlope: 0
      tangentMode: 0
      weightedMode: 0
      inWeight: 0.33333334
      outWeight: 0.33333334
    m_PreInfinity: 2
    m_PostInfinity: 2
    m_RotationOrder: 4
  spreadCustomCurve:
    serializedVersion: 2
    m_Curve:
    - serializedVersion: 3
      time: 0
      value: 0
      inSlope: 0
      outSlope: 0
      tangentMode: 0
      weightedMode: 0
      inWeight: 0.33333334
      outWeight: 0.33333334
    m_PreInfinity: 2
    m_PostInfinity: 2
    m_RotationOrder: 4
  reverbZoneMixCustomCurve:
    serializedVersion: 2
    m_Curve:
    - serializedVersion: 3
      time: 0
      value: 1
      inSlope: 0
      outSlope: 0
      tangentMode: 0
      weightedMode: 0
      inWeight: 0.33333334
      outWeight: 0.33333334
    m_PreInfinity: 2
    m_PostInfinity: 2
    m_RotationOrder: 4
--- !u!1 &6031222894804221144
GameObject:
  m_ObjectHideFlags: 0
  m_CorrespondingSourceObject: {fileID: 0}
  m_PrefabInstance: {fileID: 0}
  m_PrefabAsset: {fileID: 0}
  serializedVersion: 6
  m_Component:
  - component: {fileID: 6031222894804221145}
  - component: {fileID: 6031222894804221147}
  - component: {fileID: 6031222894804221146}
  m_Layer: 5
  m_Name: Image
  m_TagString: Untagged
  m_Icon: {fileID: 0}
  m_NavMeshLayer: 0
  m_StaticEditorFlags: 0
  m_IsActive: 1
--- !u!224 &6031222894804221145
RectTransform:
  m_ObjectHideFlags: 0
  m_CorrespondingSourceObject: {fileID: 0}
  m_PrefabInstance: {fileID: 0}
  m_PrefabAsset: {fileID: 0}
  m_GameObject: {fileID: 6031222894804221144}
  m_LocalRotation: {x: 0, y: 0, z: 0, w: 1}
  m_LocalPosition: {x: 0, y: 0, z: 0}
  m_LocalScale: {x: 1, y: 1, z: 1}
  m_Children: []
  m_Father: {fileID: 5434026884331619834}
  m_RootOrder: 2
  m_LocalEulerAnglesHint: {x: 0, y: 0, z: 0}
  m_AnchorMin: {x: 0, y: 0}
  m_AnchorMax: {x: 0, y: 0}
  m_AnchoredPosition: {x: 154, y: 346}
  m_SizeDelta: {x: 534.5, y: 845.9}
  m_Pivot: {x: 0.5, y: 0.5}
--- !u!222 &6031222894804221147
CanvasRenderer:
  m_ObjectHideFlags: 0
  m_CorrespondingSourceObject: {fileID: 0}
  m_PrefabInstance: {fileID: 0}
  m_PrefabAsset: {fileID: 0}
  m_GameObject: {fileID: 6031222894804221144}
  m_CullTransparentMesh: 0
--- !u!114 &6031222894804221146
MonoBehaviour:
  m_ObjectHideFlags: 0
  m_CorrespondingSourceObject: {fileID: 0}
  m_PrefabInstance: {fileID: 0}
  m_PrefabAsset: {fileID: 0}
  m_GameObject: {fileID: 6031222894804221144}
  m_Enabled: 1
  m_EditorHideFlags: 0
  m_Script: {fileID: -765806418, guid: f70555f144d8491a825f0804e09c671c, type: 3}
  m_Name: 
  m_EditorClassIdentifier: 
  m_Material: {fileID: 0}
  m_Color: {r: 1, g: 1, b: 1, a: 1}
  m_RaycastTarget: 1
  m_OnCullStateChanged:
    m_PersistentCalls:
      m_Calls: []
    m_TypeName: UnityEngine.UI.MaskableGraphic+CullStateChangedEvent, UnityEngine.UI,
      Version=1.0.0.0, Culture=neutral, PublicKeyToken=null
  m_Sprite: {fileID: 21300000, guid: c99f209c52ed50749b2a0e6fccca3899, type: 3}
  m_Type: 0
  m_PreserveAspect: 0
  m_FillCenter: 1
  m_FillMethod: 4
  m_FillAmount: 1
  m_FillClockwise: 1
  m_FillOrigin: 0
  m_UseSpriteMesh: 0
--- !u!1 &6031222896355404119
GameObject:
  m_ObjectHideFlags: 0
  m_CorrespondingSourceObject: {fileID: 0}
  m_PrefabInstance: {fileID: 0}
  m_PrefabAsset: {fileID: 0}
  serializedVersion: 6
  m_Component:
  - component: {fileID: 6031222896355404112}
  - component: {fileID: 6031222896355404114}
  - component: {fileID: 6031222896355404113}
  m_Layer: 5
  m_Name: Image (1)
  m_TagString: Untagged
  m_Icon: {fileID: 0}
  m_NavMeshLayer: 0
  m_StaticEditorFlags: 0
  m_IsActive: 1
--- !u!224 &6031222896355404112
RectTransform:
  m_ObjectHideFlags: 0
  m_CorrespondingSourceObject: {fileID: 0}
  m_PrefabInstance: {fileID: 0}
  m_PrefabAsset: {fileID: 0}
  m_GameObject: {fileID: 6031222896355404119}
  m_LocalRotation: {x: 0, y: 0, z: 0, w: 1}
  m_LocalPosition: {x: 0, y: 0, z: 0}
  m_LocalScale: {x: 1, y: 1, z: 1}
  m_Children: []
  m_Father: {fileID: 5434026884331619834}
  m_RootOrder: 3
  m_LocalEulerAnglesHint: {x: 0, y: 0, z: 0}
  m_AnchorMin: {x: 1, y: 0}
  m_AnchorMax: {x: 1, y: 0}
  m_AnchoredPosition: {x: -271.6, y: 317.1}
  m_SizeDelta: {x: 430.3, y: 632.1}
  m_Pivot: {x: 0.5, y: 0.5}
--- !u!222 &6031222896355404114
CanvasRenderer:
  m_ObjectHideFlags: 0
  m_CorrespondingSourceObject: {fileID: 0}
  m_PrefabInstance: {fileID: 0}
  m_PrefabAsset: {fileID: 0}
  m_GameObject: {fileID: 6031222896355404119}
  m_CullTransparentMesh: 0
--- !u!114 &6031222896355404113
MonoBehaviour:
  m_ObjectHideFlags: 0
  m_CorrespondingSourceObject: {fileID: 0}
  m_PrefabInstance: {fileID: 0}
  m_PrefabAsset: {fileID: 0}
  m_GameObject: {fileID: 6031222896355404119}
  m_Enabled: 1
  m_EditorHideFlags: 0
  m_Script: {fileID: -765806418, guid: f70555f144d8491a825f0804e09c671c, type: 3}
  m_Name: 
  m_EditorClassIdentifier: 
  m_Material: {fileID: 0}
  m_Color: {r: 1, g: 1, b: 1, a: 1}
  m_RaycastTarget: 1
  m_OnCullStateChanged:
    m_PersistentCalls:
      m_Calls: []
    m_TypeName: UnityEngine.UI.MaskableGraphic+CullStateChangedEvent, UnityEngine.UI,
      Version=1.0.0.0, Culture=neutral, PublicKeyToken=null
  m_Sprite: {fileID: 21300000, guid: 7be780e943d818c45bbe6ba39a57aa08, type: 3}
  m_Type: 0
  m_PreserveAspect: 0
  m_FillCenter: 1
  m_FillMethod: 4
  m_FillAmount: 1
  m_FillClockwise: 1
  m_FillOrigin: 0
  m_UseSpriteMesh: 0
--- !u!1001 &5434026884369779017
PrefabInstance:
  m_ObjectHideFlags: 0
  serializedVersion: 2
  m_Modification:
    m_TransformParent: {fileID: 5434026884331619834}
    m_Modifications:
    - target: {fileID: 1103647655659518182, guid: 1512ffe9d46d21547a95fa0ce6e99796,
        type: 3}
      propertyPath: m_Name
      value: Choose
      objectReference: {fileID: 0}
    - target: {fileID: 1103647655659518182, guid: 1512ffe9d46d21547a95fa0ce6e99796,
        type: 3}
      propertyPath: m_IsActive
      value: 0
      objectReference: {fileID: 0}
    - target: {fileID: 7894271116868555542, guid: 1512ffe9d46d21547a95fa0ce6e99796,
        type: 3}
      propertyPath: m_LocalPosition.x
      value: 0
      objectReference: {fileID: 0}
    - target: {fileID: 7894271116868555542, guid: 1512ffe9d46d21547a95fa0ce6e99796,
        type: 3}
      propertyPath: m_LocalPosition.y
      value: 0
      objectReference: {fileID: 0}
    - target: {fileID: 7894271116868555542, guid: 1512ffe9d46d21547a95fa0ce6e99796,
        type: 3}
      propertyPath: m_LocalPosition.z
      value: 0
      objectReference: {fileID: 0}
    - target: {fileID: 7894271116868555542, guid: 1512ffe9d46d21547a95fa0ce6e99796,
        type: 3}
      propertyPath: m_LocalRotation.x
      value: 0
      objectReference: {fileID: 0}
    - target: {fileID: 7894271116868555542, guid: 1512ffe9d46d21547a95fa0ce6e99796,
        type: 3}
      propertyPath: m_LocalRotation.y
      value: 0
      objectReference: {fileID: 0}
    - target: {fileID: 7894271116868555542, guid: 1512ffe9d46d21547a95fa0ce6e99796,
        type: 3}
      propertyPath: m_LocalRotation.z
      value: 0
      objectReference: {fileID: 0}
    - target: {fileID: 7894271116868555542, guid: 1512ffe9d46d21547a95fa0ce6e99796,
        type: 3}
      propertyPath: m_LocalRotation.w
      value: 1
      objectReference: {fileID: 0}
    - target: {fileID: 7894271116868555542, guid: 1512ffe9d46d21547a95fa0ce6e99796,
        type: 3}
      propertyPath: m_RootOrder
      value: 1
      objectReference: {fileID: 0}
    - target: {fileID: 7894271116868555542, guid: 1512ffe9d46d21547a95fa0ce6e99796,
        type: 3}
      propertyPath: m_LocalEulerAnglesHint.x
      value: 0
      objectReference: {fileID: 0}
    - target: {fileID: 7894271116868555542, guid: 1512ffe9d46d21547a95fa0ce6e99796,
        type: 3}
      propertyPath: m_LocalEulerAnglesHint.y
      value: 0
      objectReference: {fileID: 0}
    - target: {fileID: 7894271116868555542, guid: 1512ffe9d46d21547a95fa0ce6e99796,
        type: 3}
      propertyPath: m_LocalEulerAnglesHint.z
      value: 0
      objectReference: {fileID: 0}
    - target: {fileID: 7894271116868555542, guid: 1512ffe9d46d21547a95fa0ce6e99796,
        type: 3}
      propertyPath: m_AnchoredPosition.x
      value: -18
      objectReference: {fileID: 0}
    - target: {fileID: 7894271116868555542, guid: 1512ffe9d46d21547a95fa0ce6e99796,
        type: 3}
      propertyPath: m_AnchoredPosition.y
      value: 0
      objectReference: {fileID: 0}
    - target: {fileID: 7894271116868555542, guid: 1512ffe9d46d21547a95fa0ce6e99796,
        type: 3}
      propertyPath: m_SizeDelta.x
      value: 501.5
      objectReference: {fileID: 0}
    - target: {fileID: 7894271116868555542, guid: 1512ffe9d46d21547a95fa0ce6e99796,
        type: 3}
      propertyPath: m_SizeDelta.y
      value: 300.7
      objectReference: {fileID: 0}
    - target: {fileID: 7894271116868555542, guid: 1512ffe9d46d21547a95fa0ce6e99796,
        type: 3}
      propertyPath: m_AnchorMin.x
      value: 0.5
      objectReference: {fileID: 0}
    - target: {fileID: 7894271116868555542, guid: 1512ffe9d46d21547a95fa0ce6e99796,
        type: 3}
      propertyPath: m_AnchorMin.y
      value: 0.5
      objectReference: {fileID: 0}
    - target: {fileID: 7894271116868555542, guid: 1512ffe9d46d21547a95fa0ce6e99796,
        type: 3}
      propertyPath: m_AnchorMax.x
      value: 0.5
      objectReference: {fileID: 0}
    - target: {fileID: 7894271116868555542, guid: 1512ffe9d46d21547a95fa0ce6e99796,
        type: 3}
      propertyPath: m_AnchorMax.y
      value: 0.5
      objectReference: {fileID: 0}
    - target: {fileID: 7894271116868555542, guid: 1512ffe9d46d21547a95fa0ce6e99796,
        type: 3}
      propertyPath: m_Pivot.x
      value: 0.5
      objectReference: {fileID: 0}
    - target: {fileID: 7894271116868555542, guid: 1512ffe9d46d21547a95fa0ce6e99796,
        type: 3}
      propertyPath: m_Pivot.y
      value: 0.5
      objectReference: {fileID: 0}
    - target: {fileID: 789164451598101396, guid: 1512ffe9d46d21547a95fa0ce6e99796,
        type: 3}
      propertyPath: m_OnClick.m_PersistentCalls.m_Calls.Array.size
      value: 3
      objectReference: {fileID: 0}
    - target: {fileID: 789164451598101396, guid: 1512ffe9d46d21547a95fa0ce6e99796,
        type: 3}
      propertyPath: m_OnClick.m_PersistentCalls.m_Calls.Array.data[0].m_Target
      value: 
      objectReference: {fileID: 5434026884331619835}
    - target: {fileID: 789164451598101396, guid: 1512ffe9d46d21547a95fa0ce6e99796,
        type: 3}
      propertyPath: m_OnClick.m_PersistentCalls.m_Calls.Array.data[0].m_MethodName
      value: SetState
      objectReference: {fileID: 0}
    - target: {fileID: 789164451598101396, guid: 1512ffe9d46d21547a95fa0ce6e99796,
        type: 3}
      propertyPath: m_OnClick.m_PersistentCalls.m_Calls.Array.data[0].m_Mode
      value: 3
      objectReference: {fileID: 0}
    - target: {fileID: 789164451598101396, guid: 1512ffe9d46d21547a95fa0ce6e99796,
        type: 3}
      propertyPath: m_OnClick.m_PersistentCalls.m_Calls.Array.data[0].m_Arguments.m_ObjectArgumentAssemblyTypeName
      value: UnityEngine.Object, UnityEngine
      objectReference: {fileID: 0}
    - target: {fileID: 789164451598101396, guid: 1512ffe9d46d21547a95fa0ce6e99796,
        type: 3}
      propertyPath: m_OnClick.m_PersistentCalls.m_Calls.Array.data[0].m_Arguments.m_IntArgument
      value: 3
      objectReference: {fileID: 0}
    - target: {fileID: 789164451598101396, guid: 1512ffe9d46d21547a95fa0ce6e99796,
        type: 3}
      propertyPath: m_OnClick.m_PersistentCalls.m_Calls.Array.data[0].m_CallState
      value: 2
      objectReference: {fileID: 0}
    - target: {fileID: 789164451598101396, guid: 1512ffe9d46d21547a95fa0ce6e99796,
        type: 3}
      propertyPath: m_OnClick.m_PersistentCalls.m_Calls.Array.data[1].m_Mode
      value: 1
      objectReference: {fileID: 0}
    - target: {fileID: 789164451598101396, guid: 1512ffe9d46d21547a95fa0ce6e99796,
        type: 3}
      propertyPath: m_OnClick.m_PersistentCalls.m_Calls.Array.data[1].m_CallState
      value: 2
      objectReference: {fileID: 0}
    - target: {fileID: 789164451598101396, guid: 1512ffe9d46d21547a95fa0ce6e99796,
        type: 3}
      propertyPath: m_OnClick.m_PersistentCalls.m_Calls.Array.data[2].m_Mode
      value: 6
      objectReference: {fileID: 0}
    - target: {fileID: 789164451598101396, guid: 1512ffe9d46d21547a95fa0ce6e99796,
        type: 3}
      propertyPath: m_OnClick.m_PersistentCalls.m_Calls.Array.data[2].m_CallState
      value: 2
      objectReference: {fileID: 0}
    - target: {fileID: 789164451598101396, guid: 1512ffe9d46d21547a95fa0ce6e99796,
        type: 3}
      propertyPath: m_OnClick.m_PersistentCalls.m_Calls.Array.data[1].m_Target
      value: 
      objectReference: {fileID: 5434026884331619835}
    - target: {fileID: 789164451598101396, guid: 1512ffe9d46d21547a95fa0ce6e99796,
        type: 3}
      propertyPath: m_OnClick.m_PersistentCalls.m_Calls.Array.data[1].m_MethodName
      value: Show
      objectReference: {fileID: 0}
    - target: {fileID: 789164451598101396, guid: 1512ffe9d46d21547a95fa0ce6e99796,
        type: 3}
      propertyPath: m_OnClick.m_PersistentCalls.m_Calls.Array.data[1].m_Arguments.m_ObjectArgumentAssemblyTypeName
      value: UnityEngine.Object, UnityEngine
      objectReference: {fileID: 0}
    - target: {fileID: 789164451598101396, guid: 1512ffe9d46d21547a95fa0ce6e99796,
        type: 3}
      propertyPath: m_OnClick.m_PersistentCalls.m_Calls.Array.data[2].m_Target
      value: 
      objectReference: {fileID: 4916095824516067759}
    - target: {fileID: 789164451598101396, guid: 1512ffe9d46d21547a95fa0ce6e99796,
        type: 3}
      propertyPath: m_OnClick.m_PersistentCalls.m_Calls.Array.data[2].m_MethodName
      value: SetActive
      objectReference: {fileID: 0}
    - target: {fileID: 789164451598101396, guid: 1512ffe9d46d21547a95fa0ce6e99796,
        type: 3}
      propertyPath: m_OnClick.m_PersistentCalls.m_Calls.Array.data[2].m_Arguments.m_ObjectArgumentAssemblyTypeName
      value: UnityEngine.Object, UnityEngine
      objectReference: {fileID: 0}
    - target: {fileID: 2699451730739811473, guid: 1512ffe9d46d21547a95fa0ce6e99796,
        type: 3}
      propertyPath: m_OnClick.m_PersistentCalls.m_Calls.Array.size
      value: 1
      objectReference: {fileID: 0}
    - target: {fileID: 2699451730739811473, guid: 1512ffe9d46d21547a95fa0ce6e99796,
        type: 3}
      propertyPath: m_OnClick.m_PersistentCalls.m_Calls.Array.data[0].m_Target
      value: 
      objectReference: {fileID: 5434026884331619835}
    - target: {fileID: 2699451730739811473, guid: 1512ffe9d46d21547a95fa0ce6e99796,
        type: 3}
      propertyPath: m_OnClick.m_PersistentCalls.m_Calls.Array.data[0].m_MethodName
      value: Hide
      objectReference: {fileID: 0}
    - target: {fileID: 2699451730739811473, guid: 1512ffe9d46d21547a95fa0ce6e99796,
        type: 3}
      propertyPath: m_OnClick.m_PersistentCalls.m_Calls.Array.data[0].m_Mode
      value: 6
      objectReference: {fileID: 0}
    - target: {fileID: 2699451730739811473, guid: 1512ffe9d46d21547a95fa0ce6e99796,
        type: 3}
      propertyPath: m_OnClick.m_PersistentCalls.m_Calls.Array.data[0].m_Arguments.m_ObjectArgumentAssemblyTypeName
      value: UnityEngine.Object, UnityEngine
      objectReference: {fileID: 0}
    - target: {fileID: 2699451730739811473, guid: 1512ffe9d46d21547a95fa0ce6e99796,
        type: 3}
      propertyPath: m_OnClick.m_PersistentCalls.m_Calls.Array.data[0].m_Arguments.m_BoolArgument
      value: 1
      objectReference: {fileID: 0}
    - target: {fileID: 2699451730739811473, guid: 1512ffe9d46d21547a95fa0ce6e99796,
        type: 3}
      propertyPath: m_OnClick.m_PersistentCalls.m_Calls.Array.data[0].m_CallState
      value: 2
      objectReference: {fileID: 0}
    m_RemovedComponents: []
  m_SourcePrefab: {fileID: 100100000, guid: 1512ffe9d46d21547a95fa0ce6e99796, type: 3}
--- !u!1 &4916095824516067759 stripped
GameObject:
  m_CorrespondingSourceObject: {fileID: 1103647655659518182, guid: 1512ffe9d46d21547a95fa0ce6e99796,
    type: 3}
  m_PrefabInstance: {fileID: 5434026884369779017}
  m_PrefabAsset: {fileID: 0}
--- !u!224 &2803384563418208863 stripped
RectTransform:
  m_CorrespondingSourceObject: {fileID: 7894271116868555542, guid: 1512ffe9d46d21547a95fa0ce6e99796,
    type: 3}
  m_PrefabInstance: {fileID: 5434026884369779017}
  m_PrefabAsset: {fileID: 0}
